@online{MagnetometroMundo,
	author = {{El Mundo al Instante}},
	title = {¿Para qué sirve y cómo funciona un magnetómetro?},
	year = {2025},
	url = {https://elmundoalinstante.com/para-que-sirve-y-como-funciona-un-magnetometro/},
	note = {Accedido: 17 de febrero de 2025}
}

@book{Barrientos2007,
	author = {A. Barrientos and L. F. Peñín and C. Balaguer and R. Aracil},
	title = {Fundamentos de robótica},
	edition = {2},
	publisher = {McGraw-Hill/Interamericana},
	year = {2007}
}

@online{MagnetometroCienciaHoy,
	author = {Cruzito},
	title = {¿Cómo funciona un magnetómetro?},
	year = {2025},
	url = {https://cienciadehoy.com/como-funciona-un-magnetometro/},
	note = {Accedido: 17 de febrero de 2025}
}

@online{GiroscopioIngenierizando,
	author = {Ingenierizando},
	title = {¿Qué es un Giroscopio? (funcionamiento y aplicaciones)},
	year = {2025},
	url = {https://www.ingenierizando.com/laboratorio/giroscopio/},
	note = {Accedido: 17 de febrero de 2025}
}

@online{AcelerometroTME,
	author = {{Transfer Multisort Elektronik México}},
	title = {¿Cómo funciona y qué hace el acelerómetro?},
	year = {2025},
	url = {https://www.tme.com/mx/es/news/library-articles/page/22568/Como-funciona-y-que-hace-el-acelerometro/},
	note = {Accedido: 17 de febrero de 2025}
}

@online{LidarTopografia,
	title = {Qué es y cómo funciona un LIDAR},
	year = {2025},
	url = {https://topografia2.com/como-funciona-un-lidar/?form=MG0AV3},
	note = {Accedido: 17 de febrero de 2025}
}

@online{AcelerometroGuiaPractica,
	title = {¿Cómo funciona el Acelerómetro? - Guía 100\% Práctica},
	year = {2025},
	url = {https://como-funciona.org/acelerometro/},
	note = {Accedido: 17 de febrero de 2025}
}

@online{LidarUAVLatam,
	title = {¿Qué es un sensor LiDAR y cómo funciona? - UAVLatam},
	year = {2025},
	url = {https://uavlatam.com/que-es-un-sensor-lidar-como-funciona/},
	note = {Accedido: 17 de febrero de 2025}
}
